@book{p1,
  title={Guide to LATEX},
  author={Kopka, Helmut and Daly, Patrick W},
  year={2003},
  publisher={Pearson Education}
}

@book{p2,
  title={An introduction to LATEX},
  author={Urban, Michael},
  year={1986},
  publisher={TEX users group}
}